@Article{test.long.pages,
  author = 	 {Some author},
  title = 	 {A title},
  journal = 	 {A journal},
  year = 	 {2010},
  volume = 	 {17},
  pages = 	 {C123455}
}

@techreport{boer1994raia,
	Author = {G. J. Boer},
	Date-Added = {2007-04-11 11:58:02 -0300},
	Date-Modified = {2007-04-11 11:58:02 -0300},
	Institution = {WMO},
	Keywords = {climate modelling},
	Number = {19},
	Title = {Research Activities in atmospheric and oceanic modelling},
	Year = {1994}}

@TechReport{ostlund1981tldr,
	Author = {H. G. \"Ostlund},
	Date-Added = {2007-04-11 11:58:02 -0300},
	Date-Modified = {2007-04-11 11:58:02 -0300},
	Institution = {Tritium Laboratory Data Release 81-12 (amended 85-07)},
	Keywords = {tritium},
	Title = {Time series at Ocean Weather Station Papa},
	Year = {1981}}

                  
@Article{Voss:2001,
  author = 	 {R. Voss and U. Mikolajewicz},
  title = 	 {Long-term climate changes due to increased CO$_2$ concentration in the coupled atmosphere-ocean general circulation model {E}{C}{H}{A}{M}3/{L}{S}{G}},
  journal = 	 {Climate Dynamics},
  year = 	 {2001},
  OPTkey = 	 {},
  volume = 	 {17},
  OPTnumber = 	 {},
  pages = 	 {45-60},
  OPTmonth = 	 {},
  OPTnote = 	 {},
  OPTannote = 	 {}
}

@article{Baines:1973,
 author = "P. G. Baines",
 title = "The generation of internal tides by flat-bump topography",
 year = 1973,
 journal = {Deep-Sea Res.},
 volume = 20,
 pages = "179--205",
 keywords = "internal tides"}

@article{Baines:1982,
 author = "P. G. Baines",
 title = "On internal tide generation models",
 year = 1982,
 journal = {Deep-Sea Res.},
 volume = 29,
 pages = "307--338",
 keywords = "internal tides"}
